%% This BibTeX bibliography file was created using BibDesk.
%% http://bibdesk.sourceforge.net/


%% Created for Ryan Baumann at 2010-10-29 15:37:55 -0400 


%% Saved with string encoding Unicode (UTF-8) 



@conference{bagnall,
	Author = {Roger Bagnall},
	Date-Added = {2010-10-29 15:20:46 -0400},
	Date-Modified = {2010-10-29 15:23:25 -0400},
	Month = {March},
	Organization = {Mellon Foundation},
	Title = {Integrating Digital Papyrology},
	Url = {http://hdl.handle.net/2451/29592},
	Year = {2010}}

@webpage{background,
	Date-Added = {2010-10-29 14:13:28 -0400},
	Date-Modified = {2010-10-29 14:13:36 -0400},
	Url = {http://idp.atlantides.org/trac/idp/wiki/BackgroundAndFunding}}

@techreport{babeu,
	Author = {Alison Babeu},
	Date-Added = {2010-10-29 14:05:55 -0400},
	Date-Modified = {2010-10-29 14:08:03 -0400},
	Institution = {CLIR},
	Month = {September},
	Title = {Rome Wasn't Digitized in a Day: Building a Cyberinfrastructure for Digital Classicists},
	Type = {Draft},
	Year = {2010}}

@misc{sosin,
	Author = {Joshua D. Sosin},
	Date-Added = {2010-10-29 13:02:48 -0400},
	Date-Modified = {2010-10-29 13:03:52 -0400},
	Generator = {WordPress 3.0.1},
	Month = {October},
	Title = {Digital Papyrology},
	Url = {http://www.stoa.org/archives/1263},
	Year = {2010},
	Bdsk-Url-1 = {http://www.stoa.org/archives/1263}}
